<?xml version="1.0" encoding="UTF-8"?><collection xmlns="http://www.loc.gov/MARC21/slim"><record><leader>00428nam--2200145-i-4500</leader><controlfield tag="001">000000073</controlfield><controlfield tag="002">20161230</controlfield><controlfield tag="005">20161230201023</controlfield><controlfield tag="008">060222s1000------------r-----000-0-eng-d</controlfield><datafield ind1=" " ind2=" " tag="080"><subfield code="a">577.354.2:577.355(061.3)</subfield></datafield><datafield ind1=" " ind2=" " tag="245"><subfield code="a">Light-induced.charge sepaartion in biology and chemistry</subfield></datafield><datafield ind1=" " ind2=" " tag="260"><subfield code="a">New York, Verlag Chemie.562 P</subfield></datafield><datafield ind1=" " ind2=" " tag="490"><subfield code="a">Life Science Research Report</subfield></datafield><datafield ind1=" " ind2=" " tag="700"><subfield code="a">Gerischer, Heinz And Katz, Joseph J</subfield></datafield><datafield ind1=" " ind2=" " tag="852"><subfield code="a">47922</subfield></datafield></record></collection>